@book{Theory:PeskinSchroeder,
    author = "Peskin, Michael E. and Schroeder, Daniel V.",
    title = "{An Introduction to quantum field theory}",
    isbn = "978-0-201-50397-5",
    publisher = "Addison-Wesley",
    address = "Reading, USA",
    year = "1995"
}

@article{Theory:parityviolation,
  title = {Experimental Test of Parity Conservation in Beta Decay},
  author = {Wu, C. S. and Ambler, E. and Hayward, R. W. and Hoppes, D. D. and Hudson, R. P.},
  journal = {Phys. Rev.},
  volume = {105},
  issue = {4},
  pages = {1413--1415},
  numpages = {0},
  year = {1957},
  month = {Feb},
  publisher = {American Physical Society},
  doi = {10.1103/PhysRev.105.1413},
  url = {https://link.aps.org/doi/10.1103/PhysRev.105.1413}
}


@article{Atlas:EMCalo,
      author        = "{The ATLAS Collaboration}",
      collaboration = "ATLASElectromagneticBarrelCalorimeter",
      title         = "{Energy Linearity and Resolution of the ATLAS
                       Electromagnetic Barrel Calorimeter in an Electron
                       Test-Beam}",
      reportNumber  = "physics/0608012",
      journal       = "Nucl. Instrum. Methods Phys. Res., A",
      volume        = "568",
      pages         = "601-623",
      year          = "2006",
      url           = "http://cds.cern.ch/record/976098",
      doi           = "10.1016/j.nima.2006.07.053",
}

@article{Schramm:2017frb,
    author = "Schramm, Steven",
    collaboration = "ATLAS",
    doi = "10.1051/epjconf/201818202113",
    journal = "EPJ Web Conf.",
    pages = "02113",
    reportNumber = "ATL-PHYS-PROC-2017-236",
    title = "{ATLAS Jet Reconstruction, Calibration, and Tagging of Lorentz-boosted Objects}",
    volume = "182",
    year = "2018"
}

@article{LHC:LHC,
doi = {10.1088/1748-0221/3/08/S08001},
url = {https://dx.doi.org/10.1088/1748-0221/3/08/S08001},
year = {2008},
month = {aug},
publisher = {},
volume = {3},
number = {08},
pages = {S08001},
author = {Lyndon Evans and  Philip Bryant},
title = {LHC Machine},
journal = {Journal of Instrumentation},
}

@article{LHC:CMS,
doi = {10.1088/1748-0221/3/08/S08004},
url = {https://dx.doi.org/10.1088/1748-0221/3/08/S08004},
year = {2008},
month = {aug},
publisher = {},
volume = {3},
number = {08},
pages = {S08004},
title = {The CMS experiment at the CERN LHC},
journal = {Journal of Instrumentation}
}

@article{LHC:LHCb,
doi = {10.1088/1748-0221/3/08/S08005},
url = {https://dx.doi.org/10.1088/1748-0221/3/08/S08005},
year = {2008},
month = {aug},
publisher = {},
volume = {3},
number = {08},
pages = {S08005},
title = {The LHCb Detector at the LHC},
journal = {Journal of Instrumentation}
}

@techreport{ATLAS:HEC,
      collaboration = "ATLAS",
      title         = "{Performance of the ATLAS Hadronic Endcap Calorimeter in
                       beam tests: Selected results}",
      institution   = "CERN",
      reportNumber  = "ATL-LARG-PUB-2022-001",
      address       = "Geneva",
      year          = "2022",
      url           = "https://cds.cern.ch/record/2811731",
}

@article{ATLAS:townsend,
  title={Encyclopedia of physical science and technology},
  author={Suslick, Kenneth S},
  journal={Sonoluminescence and sonochemistry, 3rd edn. Elsevier Science Ltd, Massachusetts},
  pages={1--20},
  year={2001}
}

@Inbook{Atlas:kalman,
author="Braun, Nils",
title="Combinatorial Kalman Filter",
bookTitle="Combinatorial Kalman Filter and High Level Trigger Reconstruction for the Belle II Experiment",
year="2019",
publisher="Springer International Publishing",
address="Cham",
pages="117--174",
abstract="The Combinatorial Kalman Filter (CKF) is a tracking concept that combines track finding and track fitting in a search-tree-based algorithm. It is used by many high energy physics experiments (Mankel and Spiridonov in Nucl Instrum Methods Phys Res Sect A Accel Spectrom Detect Assoc Equip 426(2--3):268--282, 1999, [1], Mankel in Rep Prog Phys 67(4):553--622, 2004, [2], CMS Collaboration in J Instrum 9(10):P10009--P10009, 2014, [3], ATLAS Collaboration in Eur Phys J C 77(10):673, 2017, [4])---often as the main tracking algorithm. Due to its combination of track finding and fitting, it can give precise results leading to high purities as well as high efficiencies.",
isbn="978-3-030-24997-7",
doi="10.1007/978-3-030-24997-7_6",
url="https://doi.org/10.1007/978-3-030-24997-7_6"
}

@misc{Atlas:trackingsoftwaretut,
  title = {{ATLAS Track Reconstruction -- General Overview}},
  howpublished = {\url{https://atlassoftwaredocs.web.cern.ch/trackingTutorial/idoverview/}},
  author = {{Makayla Vessella, Adam Edward Barton}},
  note = {Accessed: 07-03-2024}
}

@article{ATLAS:MS,
      author        = "Pontecorvo, L",
      title         = "{The ATLAS Muon Spectrometer}",
      year          = "2004",
      url           = "https://cds.cern.ch/record/676896",
      note          = "revised version number 1 submitted on 2003-07-27 16:31:16",
      doi           = "10.1140/epjcd/s2004-04-013-y",
}

@article{LHC:TOTEM,
doi = {10.1088/1748-0221/3/08/S08007},
url = {https://dx.doi.org/10.1088/1748-0221/3/08/S08007},
year = {2008},
month = {aug},
publisher = {},
volume = {3},
number = {08},
pages = {S08007},
title = {The TOTEM Experiment at the CERN Large Hadron Collider},
journal = {Journal of Instrumentation}
}

@article{LHC:ALICE,
doi = {10.1088/1748-0221/3/08/S08002},
url = {https://dx.doi.org/10.1088/1748-0221/3/08/S08002},
year = {2008},
month = {aug},
publisher = {},
volume = {3},
number = {08},
pages = {S08002},
title = {The ALICE experiment at the CERN LHC},
journal = {Journal of Instrumentation},
}

@article{LHC:magnets1,
    author = "Rossi, L.",
    title = "{The LHC superconducting magnets}",
    reportNumber = "PAC03-TOAB001, CERN-LHC-PROJECT-REPORT-660",
    journal = "Conf. Proc. C",
    volume = "030512",
    pages = "141",
    year = "2003"
}

@techreport{LHC:magnets2,
      author        = "Perin, R and Vlogaert, J",
      collaboration = "LHCMagnetTeam",
      title         = "{Magnets for the Large Hadron Collider}",
      institution   = "CERN",
      reportNumber  = "CERN-AT-93-46-MA, LHC-NOTE-255, CERN-LHC-Note-255",
      address       = "Geneva",
      year          = "1994",
      url           = "https://cds.cern.ch/record/260440",
}

@article{LHC:CCC,
      author        = "Lopienska, Ewa",
      title         = "{The CERN accelerator complex, layout in 2022. Complexe
                       des accélérateurs du CERN en janvier 2022}",
      year          = "2022",
      url           = "https://cds.cern.ch/record/2800984",
      note          = "General Photo",
}

@article{LHC:pileup,
    author = "Soyez, Gr\'egory",
    title = "{Pileup mitigation at the LHC: A theorist\textquoteright{}s view}",
    eprint = "1801.09721",
    archivePrefix = "arXiv",
    primaryClass = "hep-ph",
    doi = "10.1016/j.physrep.2019.01.007",
    journal = "Phys. Rept.",
    volume = "803",
    pages = "1--158",
    year = "2019"
}

@article{LHC:atlaslumi,
    author = "Aad, G. and others",
    collaboration = "ATLAS",
    title = "{Luminosity determination in $pp$ collisions at $\sqrt{s}=13$ TeV using the ATLAS detector at the LHC}",
    eprint = "2212.09379",
    archivePrefix = "arXiv",
    primaryClass = "hep-ex",
    reportNumber = "CERN-EP-2022-281",
    doi = "10.1140/epjc/s10052-023-11747-w",
    journal = "Eur. Phys. J. C",
    volume = "83",
    number = "10",
    pages = "982",
    year = "2023"
}

@unpublished{LHC:deliveredlumi,
      author        = "{The ATLAS Collaboration}",
      title         = "{ATLAS Public Luminosity Plots}",
      year          = "2022",
      url           = "https://twiki.cern.ch/twiki/bin/view/AtlasPublic/LuminosityPublicResultsRun2",
}

@book{LHC:design,
      author        = "Brüning, Oliver Sim and Collier, Paul and Lebrun, P and
                       Myers, Stephen and Ostojic, Ranko and Poole, John and
                       Proudlock, Paul",
      title         = "{LHC Design Report}",
      publisher     = "CERN",
      address       = "Geneva",
      series        = "CERN Yellow Reports: Monographs",
      year          = "2004",
      url           = "https://cds.cern.ch/record/782076",
      doi           = "10.5170/CERN-2004-003-V-1",
}

@techreport{LHC:acceleratorspedestrians,
      author        = "Baird, S.",
      title         = "{Accelerators for pedestrians}",
      institution   = "CERN",
      reportNumber  = "AB-Note-2007-014 OP",
      address       = "Geneva",
      year          = "2007",
}

@online{LHC:rfcavities,
  title = {Buckets and Bunches},
  url = {https://www.lhc-closer.es/taking_a_closer_look_at_lhc/0.buckets_and_bunches},
  urldate = {2023-10-03}
}

@article{GEANT4,
title = {Geant4—a simulation toolkit},
journal = {Nuclear Instruments and Methods in Physics Research Section A: Accelerators, Spectrometers, Detectors and Associated Equipment},
volume = {506},
number = {3},
pages = {250-303},
year = {2003},
issn = {0168-9002},
doi = {https://doi.org/10.1016/S0168-9002(03)01368-8},
url = {https://www.sciencedirect.com/science/article/pii/S0168900203013688},
author = {S. Agostinelli and J. Allison and K. Amako and J. Apostolakis and H. Araujo and P. Arce and M. Asai and D. Axen and S. Banerjee and G. Barrand and F. Behner and L. Bellagamba and J. Boudreau and L. Broglia and A. Brunengo and H. Burkhardt and S. Chauvie and J. Chuma and R. Chytracek and G. Cooperman and G. Cosmo and P. Degtyarenko and A. Dell'Acqua and G. Depaola and D. Dietrich and R. Enami and A. Feliciello and C. Ferguson and H. Fesefeldt and G. Folger and F. Foppiano and A. Forti and S. Garelli and S. Giani and R. Giannitrapani and D. Gibin and J.J. {Gómez Cadenas} and I. González and G. {Gracia Abril} and G. Greeniaus and W. Greiner and V. Grichine and A. Grossheim and S. Guatelli and P. Gumplinger and R. Hamatsu and K. Hashimoto and H. Hasui and A. Heikkinen and A. Howard and V. Ivanchenko and A. Johnson and F.W. Jones and J. Kallenbach and N. Kanaya and M. Kawabata and Y. Kawabata and M. Kawaguti and S. Kelner and P. Kent and A. Kimura and T. Kodama and R. Kokoulin and M. Kossov and H. Kurashige and E. Lamanna and T. Lampén and V. Lara and V. Lefebure and F. Lei and M. Liendl and W. Lockman and F. Longo and S. Magni and M. Maire and E. Medernach and K. Minamimoto and P. {Mora de Freitas} and Y. Morita and K. Murakami and M. Nagamatu and R. Nartallo and P. Nieminen and T. Nishimura and K. Ohtsubo and M. Okamura and S. O'Neale and Y. Oohata and K. Paech and J. Perl and A. Pfeiffer and M.G. Pia and F. Ranjard and A. Rybin and S. Sadilov and E. {Di Salvo} and G. Santin and T. Sasaki and N. Savvas and Y. Sawada and S. Scherer and S. Sei and V. Sirotenko and D. Smith and N. Starkov and H. Stoecker and J. Sulkimo and M. Takahata and S. Tanaka and E. Tcherniaev and E. {Safai Tehrani} and M. Tropeano and P. Truscott and H. Uno and L. Urban and P. Urban and M. Verderi and A. Walkden and W. Wander and H. Weber and J.P. Wellisch and T. Wenaus and D.C. Williams and D. Wright and T. Yamada and H. Yoshida and D. Zschiesche},
keywords = {Simulation, Particle interactions, Geometrical modelling, Software engineering, Object-oriented technology, Distributed software development},
abstract = {Geant4 is a toolkit for simulating the passage of particles through matter. It includes a complete range of functionality including tracking, geometry, physics models and hits. The physics processes offered cover a comprehensive range, including electromagnetic, hadronic and optical processes, a large set of long-lived particles, materials and elements, over a wide energy range starting, in some cases, from 250eV and extending in others to the TeV energy range. It has been designed and constructed to expose the physics models utilised, to handle complex geometries, and to enable its easy adaptation for optimal use in different sets of applications. The toolkit is the result of a worldwide collaboration of physicists and software engineers. It has been created exploiting software engineering and object-oriented technology and implemented in the C++ programming language. It has been used in applications in particle physics, nuclear physics, accelerator design, space engineering and medical physics.}
}

@online{LHC:beams,
title = {Collisions},
url = {https://lhc-machine-outreach.web.cern.ch/collisions.htm},
urldate = {2023-10-04}
}

@article{Atlas:higgs,
title = {Observation of a new particle in the search for the Standard Model Higgs boson with the ATLAS detector at the LHC},
journal = {Physics Letters B},
volume = {716},
number = {1},
pages = {1-29},
year = {2012},
issn = {0370-2693},
doi = {https://doi.org/10.1016/j.physletb.2012.08.020},
url = {https://www.sciencedirect.com/science/article/pii/S037026931200857X},
author={{The ATLAS Collaboration}},
abstract = {A search for the Standard Model Higgs boson in proton–proton collisions with the ATLAS detector at the LHC is presented. The datasets used correspond to integrated luminosities of approximately 4.8 fb−1 collected at s=7 TeV in 2011 and 5.8 fb−1 at s=8 TeV in 2012. Individual searches in the channels H→ZZ(⁎)→4ℓ, H→γγ and H→WW(⁎)→eνμν in the 8 TeV data are combined with previously published results of searches for H→ZZ(⁎), WW(⁎), bb¯ and τ+τ− in the 7 TeV data and results from improved analyses of the H→ZZ(⁎)→4ℓ and H→γγ channels in the 7 TeV data. Clear evidence for the production of a neutral boson with a measured mass of 126.0±0.4(stat)±0.4(sys) GeV is presented. This observation, which has a significance of 5.9 standard deviations, corresponding to a background fluctuation probability of 1.7×10−9, is compatible with the production and decay of the Standard Model Higgs boson.}
}

@article{Atlas:design,
doi = {10.1088/1748-0221/3/08/S08003},
url = {https://dx.doi.org/10.1088/1748-0221/3/08/S08003},
year = {2008},
month = {aug},
publisher = {},
volume = {3},
number = {08},
pages = {S08003},
author = {{The ATLAS Collaboration}},
title = {The ATLAS Experiment at the CERN Large Hadron Collider},
journal = {Journal of Instrumentation},
abstract = {The ATLAS detector as installed in its experimental cavern at point 1 at CERN is described in this paper. A brief overview of the expected performance of the detector when the Large Hadron Collider begins operation is also presented.}
}

@unpublished{Atlas:detector,
      author        = "Joao Pequenao",
      title         = "{Computer generated image of the whole ATLAS detector}",
      year          = "2008",
      url           = "https://cds.cern.ch/record/1095924",
}

@misc{Atlas:coordinates,
  title = {{The ATLAS coordinate system, including the LHC}},
  howpublished = {\url{https://tikz.net/axis3d_cms/}},
  author = {Izaak Neutelings},
  note = {Accessed: 07-02-2023}
}

@techreport{Atlas:MCCmodule,
      author        = "Beccherle, R and Blanquart, L and Boyd, R and Calvet, D
                       and Comes, G and Darbo, G and Einsweiler, K F and Fischer,
                       P and Gagliardi, G and Gemme, C and Meddeler, G and
                       Morettini, P and Musico, P and Osculati, B and Oppizzi, P
                       and Pratolongo, F and Richardson, J and Ruscino, E and
                       Schiavi, C and Sícho, P and Vernocchi, F",
      title         = "{MCC: the Module Controller Chip for the ATLAS Pixel
                       Detector.}",
      institution   = "CERN",
      reportNumber  = "ATL-INDET-2002-002",
      address       = "Geneva",
      year          = "2002",
      url           = "http://cds.cern.ch/record/685344",
      doi           = "10.1016/S0168-9002(02)01279-2",
}

@techreport{Atlas:Stereo,
      title         = "{Stereo Information in Micromegas Detectors}",
      institution   = "CERN",
      reportNumber  = "ATL-MUON-PUB-2015-001",
      address       = "Geneva",
      year          = "2015",
      url           = "https://cds.cern.ch/record/2052206",
}

@article{Atlas:ThermalTechnologies,
      author        = "Apsimon, R J and Batchelor, L E and Beck, G A and Canard,
                       P and Carter, A A and Carter, J R and Davis, V R and
                       Gibson, M D and Hominal, L and De Oliveira, R",
      title         = "{Application of advanced thermal management technologies
                       to the ATLAS SCT barrel module baseboards}",
      journal       = "Nucl. Instrum. Methods Phys. Res., A",
      volume        = "565",
      pages         = "561-571",
      year          = "2006",
      url           = "https://cds.cern.ch/record/1006550",
      doi           = "10.1016/j.nima.2006.06.058",
}

@book{Atlas:Hybrids,
      author        = "Carter, Anthony A and De Oliveira, Rui and Gandi, Angelo",
      title         = "{Novel thermal management structures and their
                       applications in new hybrid technologies and feed-through
                       structures}",
      publisher     = "CERN",
      address       = "Geneva",
      series        = "CERN Yellow Reports: Monographs",
      year          = "1999",
      url           = "https://cds.cern.ch/record/406549",
      doi           = "10.5170/CERN-1999-008",
}

@article{Atlas:trt_designreport,
      author        = "{The ATLAS Collaboration}",
      collaboration = "ATLASTRT",
      title         = "{The ATLAS Transition Radiation Tracker (TRT) proportional
                       drift tube: design and performance}",
      journal       = "JINST",
      volume        = "3",
      pages         = "P02013",
      year          = "2008",
      url           = "http://cds.cern.ch/record/1094549",
      doi           = "10.1088/1748-0221/3/02/P02013",
}

@misc{Atlas:trt_module,
      author        = "Anatoli Romaniouk",
      title         = "{LHCC Open Sessions - ATLAS INNER DETECTOR, Transition Radiation Tracker (TRT)}",
      institution   = "CERN",
      year          = "1997",
      url           = "atlas.web.cern.ch/Atlas/GROUPS/INNER_DETECTOR/TDR/tdr/dev/Talks/LHCC/TRT/trt.ps",
}

@proceedings{Atlas:particleintmatter,
      author        = "Holzer, B",
      title         = "{CAS - CERN Accelerator School:  Beam Injection,
                       Extraction and Transfer: Erice, Italy 10 - 19 Mar 2017. CAS
                       - CERN Accelerator School:  Beam Injection, Extraction and
                       Transfer}",
      organization  = "CERN",
      publisher     = "CERN",
      address       = "Geneva",
      year          = "2018",
      url           = "https://cds.cern.ch/record/2646489",
      doi           = "10.23730/CYRSP-2018-005",
}

@book{Buckley:PCP,
    author = "Buckley, Andy and White, Christopher and White, Martin",
    title = "{Practical Collider Physics}",
    doi = "10.1088/978-0-7503-2444-1",
    isbn = "978-0-7503-2444-1, 978-0-7503-2443-4, 978-0-7503-2442-7",
    publisher = "IOP",
    month = "12",
    year = "2021"
}

@techreport{Atlas:trackreco_run3,
      collaboration = "ATLAS",
      title         = "{Software Performance of the ATLAS Track Reconstruction
                       for LHC Run 3}",
      institution   = "CERN",
      reportNumber  = "ATL-PHYS-PUB-2021-012",
      address       = "Geneva",
      year          = "2021",
      url           = "http://cds.cern.ch/record/2766886",
}

@techreport{Atlas:trackcoords,
      author        = "Cornelissen, T G and Van Eldik, N and Elsing, M and
                       Liebig, W and Moyse, E and Piacquadio, N and Prokofiev, K
                       and Salzburger, A and Wildauer, A",
      title         = "{Updates of the ATLAS Tracking Event Data Model (Release
                       13)}",
      institution   = "CERN",
      reportNumber  = "ATL-SOFT-PUB-2007-003, ATL-COM-SOFT-2007-008",
      address       = "Geneva",
      year          = "2007",
      url           = "https://cds.cern.ch/record/1038095",
}

@misc{Atlas:mu,
      author        = "{The ATLAS Collaboration}",
      title         = "{Mean Number of Interactions per Crossing}",
      institution   = "ATLAS",
      year          = "2023",
      url           = "https://atlas.web.cern.ch/Atlas/GROUPS/DATAPREPARATION/PublicPlots/2023/DataSummary/figs/mu_run123.png",
}

@article{Intro:expveri,
  author          = {Kobayashi Tomio},
  journal         = {Proc Jpn Acad Ser B Phys Biol Sci.},
  number          = {2021;97(5):211-235},
  title           = {Experimental verification of the standard model of particle physics.}
}

@article{Intro:neutrinomasses,
    author = "Raby, S. and Slansky, R.",
    title = "{Neutrino masses: How to add them to the standard model}",
    journal = "Los Alamos Sci.",
    volume = "25",
    pages = "64--71",
    year = "1997"
}

@article{Intro:generations,
    author = "Goldhaber, Maurice",
    title = "{A Closer look at the elementary fermions}",
    eprint = "hep-ph/0201208",
    archivePrefix = "arXiv",
    doi = "10.1073/pnas.221582298",
    journal = "Proc. Nat. Acad. Sci.",
    volume = "99",
    pages = "33",
    year = "2002"
}

@misc{Intro:foot1994explicit,
      title={Explicit Electroweak symmetry breaking?}, 
      author={R. Foot and Tran Anh Tuan},
      year={1994},
      eprint={hep-ph/9402239},
      archivePrefix={arXiv},
      primaryClass={hep-ph}
}

@article{Intro:hierarchy,
   title={Hierarchy problem and fine-tuning in a decoupling approach to multiscale effective potentials},
   volume={104},
   ISSN={2470-0029},
   url={http://dx.doi.org/10.1103/PhysRevD.104.036013},
   DOI={10.1103/physrevd.104.036013},
   number={3},
   journal={Physical Review D},
   publisher={American Physical Society (APS)},
   author={Biondini, S. and Boer, D. and Peeters, R.},
   year={2021},
   month=aug }

@article{Intro:VBS1,
title = {Vector boson scattering: Recent experimental and theory developments},
journal = {Reviews in Physics},
volume = {3},
pages = {44-63},
year = {2018},
issn = {2405-4283},
doi = {https://doi.org/10.1016/j.revip.2018.11.001},
url = {https://www.sciencedirect.com/science/article/pii/S2405428318300789},
author = {Ballestrero Alessandro and Bellan Riccardo and Biedermann Benedikt and Bittrich Carsten and Brivio Ilaria and Cardini Andrea and Gomez-Ceballos Guillelmo and Charlot Claude and Ciulli Vitaliano and Covarelli Roberto and Cuevas Javier and Denner Ansgar and Dittmaier Stefan and Di Ciaccio Lucia and Duric Senka and E. Jasper Gerard Lauwers and Farrington Sinead and Ferrari Pamela and Ferreira Silva Pedro and Finco Linda and Giljanović Duje and Glover Nigel and Gomez-Ambrosio Raquel and Gonella Giulia and Govoni Pietro and Goy Corinne and Gras Philippe and Grojean Christophe and Gross Eilam and Grossi Michele and Grunewald Martin and Helary Louis and Herrmann Tim and Herndon Matt and Hinzmann Andreas and Iltzsche Franziska and Jäger Barbara and Janssen Xavier and Kalinowski Jan and Karlberg Alexander and Kepka Oldrich and Kersevan Borut and Klute Markus and Kobel Michael and Koletsou Iro and Kordas Kostas and Lelas Damir and Lenzi Piergiulio and Li Qiang and Lohwasser Kristin and Long Kenneth and Lorenzo Martinez Narei and Lucrezia Stella Bruni and Maina Ezio and Manjarres Joany and Mariotti Chiara and Matthias Ulrich Mozer and Mildner Hannes and Mulders Martijn and Novak Jakob and Oleari Carlo and Paganoni Anna and Pellen Mathieu and Pelliccioli Giovanni and Petridou Chariclia and Pigard Philipp and Pleier Marc-Andre and Polesello Giacomo and Potamianos Karolos and Price Darren and Puljak Ivica and Rauch Michael and Rebuzzi Daniela and Reuter Jürgen and Riva Francesco and Rothe Vincent and Russo Lorenzo and Salerno Roberto and Sampsonidou Despoina and Sangalli Laura and Sauvan Emmanuel and Schumacher Markus and Schwan Christopher and Sekulla Marco and Selvaggi Michele and Siegert Frank and Slawinska Magdalena and Snoek Hella and Sommer Philip and Spannowsky Michael and Spanò Francesco and Stienemeier Pascal and Strandberg Jonas and Szleper Michał and Sznajder Andre and Todt Stefanie and Trott Michael and Tzamarias Spyros and Valsecchi Davide and Van Eijk Bob and Vicini Alessandro and Voutilainen Mikko and Vryonidou Eleni and Zanderighi Giulia and Zaro Marco and Zeppenfeld Dieter},
keywords = {LHC, VBS, HEP, Standard Model, EWSB (Electroweak symmetry breaking)},
abstract = {This document summarises the talks and discussions happened during the VBSCan Split17 workshop, the first general meeting of the VBSCan COST Action network. This collaboration is aiming at a consistent and coordinated study of vector-boson scattering from the phenomenological and experimental point of view, for the best exploitation of the data that will be delivered by existing and future particle colliders.}
}

@article{Intro:higgs1,
  title = {Strength of Weak Interactions at Very High Energies and the Higgs Boson Mass},
  author = {Lee, Benjamin W. and Quigg, C. and Thacker, H. B.},
  journal = {Phys. Rev. Lett.},
  volume = {38},
  issue = {16},
  pages = {883--885},
  numpages = {0},
  year = {1977},
  month = {Apr},
  publisher = {American Physical Society},
  doi = {10.1103/PhysRevLett.38.883},
  url = {https://link.aps.org/doi/10.1103/PhysRevLett.38.883}
}

@article{Intro:higgs2,
  title = {Weak interactions at very high energies: The role of the Higgs-boson mass},
  author = {Lee, Benjamin W. and Quigg, C. and Thacker, H. B.},
  journal = {Phys. Rev. D},
  volume = {16},
  issue = {5},
  pages = {1519--1531},
  numpages = {0},
  year = {1977},
  month = {Sep},
  publisher = {American Physical Society},
  doi = {10.1103/PhysRevD.16.1519},
  url = {https://link.aps.org/doi/10.1103/PhysRevD.16.1519}
}


@article{Theory:zzfourl,
      collaboration = "ATLAS",
      title         = "{Differential cross-section measurements of the production
                       of four charged leptons in association with two jets using
                       the ATLAS detector}",
      archivePrefix = "arXiv",
      eprint        = "2308.12324",
      reportNumber  = "CERN-EP-2023-152",
      journal       = "JHEP",
      volume        = "2401",
      pages         = "004",
      year          = "2024",
      url           = "https://cds.cern.ch/record/2868294",
      doi           = "10.1007/JHEP01(2024)004",
}


@misc{Theory:samesignww,
      title={Measurement and interpretation of same-sign $W$ boson pair production in association with two jets in $pp$ collisions at $\sqrt{s} = 13$ TeV with the ATLAS detector}, 
      author={The ATLAS Collaboration},
      year={2023},
      eprint={2312.00420},
      archivePrefix={arXiv},
      primaryClass={hep-ex}
}

@techreport{Theory:opsignww,
      collaboration = "ATLAS",
      title         = "{Observation of electroweak production of $W^+W^-$ in
                       association with jets using the ATLAS Detector}",
      institution   = "CERN",
      reportNumber  = "ATLAS-CONF-2023-039",
      address       = "Geneva",
      year          = "2023",
      url           = "https://cds.cern.ch/record/2865482",
}

@techreport{Theory:AtlasSummary,
      collaboration = "ATLAS",
      title         = "{Standard Model Summary Plots October 2023}",
      institution   = "CERN",
      reportNumber  = "ATL-PHYS-PUB-2023-039",
      address       = "Geneva",
      year          = "2023",
      url           = "https://cds.cern.ch/record/2882448",
}

@article{ATLAS:sv,
title = "A study of the material in the ATLAS inner detector using secondary hadronic interactions.",
author = "Bobby Acharya and {ATLAS Collaboration}",
year = "2012",
month = jan,
doi = "10.1088/1748-0221/7/01/P01013",
language = "English",
volume = "7",
journal = "Journal of Instrumentation",
issn = "1748-0221",
publisher = "IOP Publishing Ltd.",
number = "7",

}

@misc{Atlas:ue,
      author        = "{John Butterworth}",
      title         = "{Underlying Events}",
      institution   = "UCL",
      year          = "2006",
      url           = "https://www.hep.ucl.ac.uk/~jmb/Talks/dresden2005.pdf",
}

@article{Atlas:pvreco,
      author        = "{The ATLAS Collaboration}",
      title         = "{Reconstruction of primary vertices at the ATLAS
                       experiment in Run 1 proton--proton collisions at the LHC.
                       Reconstruction of primary vertices at the ATLAS experiment
                       in Run 1 proton-proton collisions at the LHC}",
      archivePrefix = "arXiv",
      eprint        = "1611.10235",
      reportNumber  = "CERN-EP-2016-150, CERN-EP-2016-150",
      journal       = "Eur. Phys. J. C",
      volume        = "77",
      number        = "5",
      pages         = "332",
      year          = "2017",
      url           = "https://cds.cern.ch/record/2235651",
      doi           = "10.1140/epjc/s10052-017-4887-5",
}

@article{Atlas:hgg8tev,
      author        = "{The ATLAS Collaboration}",
      title         = "{Measurement of Higgs boson production in the diphoton
                       decay channel in $pp$ collisions at center-of-mass energies
                       of 7 and 8 TeV with the ATLAS detector. Measurement of
                       Higgs boson production in the diphoton decay channel in
                       $pp$ collisions at center-of-mass energies of 7 and 8 TeV
                       with the ATLAS detector}",
      archivePrefix = "arXiv",
      eprint        = "1408.7084",
      reportNumber  = "CERN-PH-EP-2014-198, CERN-PH-EP-2014-198",
      journal       = "Phys. Rev. D",
      volume        = "90",
      pages         = "112015",
      year          = "2014",
      url           = "https://cds.cern.ch/record/1752602",
      doi           = "10.1103/PhysRevD.90.112015",
}

@article{Atlas:topoclusters,
    author = "{The ATLAS Collaboration}",
    collaboration = "ATLAS",
    title = "{Topological cell clustering in the ATLAS calorimeters and its performance in LHC Run 1}",
    eprint = "1603.02934",
    archivePrefix = "arXiv",
    primaryClass = "hep-ex",
    reportNumber = "CERN-PH-EP-2015-304",
    doi = "10.1140/epjc/s10052-017-5004-5",
    journal = "Eur. Phys. J. C",
    volume = "77",
    pages = "490",
    year = "2017"
}

@article{Atlas:egam_reco_gsf,
      collaboration = "ATLAS",
      title         = "{Electron reconstruction and identification in the ATLAS
                       experiment using the 2015 and 2016 LHC proton-proton
                       collision data at $\sqrt{s} = 13$ TeV}",
      archivePrefix = "arXiv",
      eprint        = "1902.04655",
      reportNumber  = "CERN-EP-2018-273",
      journal       = "Eur. Phys. J. C",
      volume        = "79",
      number        = "8",
      pages         = "639",
      year          = "2019",
      url           = "https://cds.cern.ch/record/2657964",
      doi           = "10.1140/epjc/s10052-019-7140-6",
}

@article{Atlas:egam_reco,
doi = {10.1088/1748-0221/14/12/P12006},
url = {https://dx.doi.org/10.1088/1748-0221/14/12/P12006},
year = {2019},
month = {dec},
publisher = {},
volume = {14},
number = {12},
pages = {P12006},
author = "{The ATLAS Collaboration}",
title = {Electron and photon performance measurements with the ATLAS detector using the 2015–2017 LHC proton-proton collision data},
journal = {Journal of Instrumentation},
abstract = {This paper describes the reconstruction of electrons and photons with the ATLAS detector, employed for measurements and searches exploiting the complete LHC Run 2 dataset. An improved energy clustering algorithm is introduced, and its implications for the measurement and identification of prompt electrons and photons are discussed in detail. Corrections and calibrations that affect performance, including energy calibration, identification and isolation efficiencies, and the measurement of the charge of reconstructed electron candidates are determined using up to 81 fb−1 of proton-proton collision data collected at √s=13 TeV between 2015 and 2017.}
}

@article{Atlas:egamcal_run1,
      collaboration = "ATLAS",
      title         = "{Electron and photon energy calibration with the ATLAS
                       detector using LHC Run 1 data. Electron and photon energy
                       calibration with the ATLAS detector using LHC Run 1 data}",
      archivePrefix = "arXiv",
      eprint        = "1407.5063",
      reportNumber  = "CERN-PH-EP-2014-153, CERN-PH-EP-2014-153",
      journal       = "Eur. Phys. J. C",
      volume        = "C74",
      pages         = "3071",
      year          = "2014",
      url           = "https://cds.cern.ch/record/1744017",
      doi           = "10.1140/epjc/s10052-014-3071-4",
}

@techreport{Atlas:egamcal_run2,
      collaboration = "ATLAS",
      title         = "{Electron and photon energy calibration with the ATLAS
                       detector using data collected in 2015 at $\sqrt{s} = 13
                       \mathrm{\ Te\kern -0.1em V}$}",
      institution   = "CERN",
      reportNumber  = "ATL-PHYS-PUB-2016-015",
      address       = "Geneva",
      year          = "2016",
      url           = "https://cds.cern.ch/record/2203514",
}

@techreport{Atlas:egamcal_fullrun2,
      collaboration = "ATLAS",
      title         = "{Electron and photon energy calibration with the ATLAS
                       detector using LHC Run 2 data}",
      institution   = "CERN",
      archivePrefix = "arXiv",
      eprint        = "2309.05471",
      reportNumber  = "CERN-EP-2023-128",
      address       = "Geneva",
      year          = "2023",
      url           = "https://cds.cern.ch/record/2870086",
}

@techreport{Atlas:truthdefs,
      title         = "{Proposal for particle-level object and observable
                       definitions for use in physics measurements at the LHC}",
      institution   = "CERN",
      reportNumber  = "ATL-PHYS-PUB-2015-013",
      address       = "Geneva",
      year          = "2015",
      url           = "https://cds.cern.ch/record/2022743",
}

@article{Atlas:photonid_run2,
      author        = "{The ATLAS Collaboration}",
      collaboration = "ATLAS",
      title         = "{Measurement of the photon identification efficiencies
                       with the ATLAS detector using LHC Run 2 data collected in
                       2015 and 2016}",
      archivePrefix = "arXiv",
      eprint        = "1810.05087",
      reportNumber  = "CERN-EP-2018-216",
      journal       = "Eur. Phys. J. C",
      volume        = "79",
      number        = "3",
      pages         = "205",
      year          = "2019",
      url           = "https://cds.cern.ch/record/2643391",
      doi           = "10.1140/epjc/s10052-019-6650-6",
}

@article{Atlas:muonreco,
      author        = "ATLAS",
      collaboration = "ATLAS",
      title         = "{Muon reconstruction and identification efficiency in
                       ATLAS using the full Run 2 $pp$ collision data set at
                       $\sqrt{s}=13$ TeV}",
      archivePrefix = "arXiv",
      eprint        = "2012.00578",
      reportNumber  = "CERN-EP-2020-199",
      journal       = "Eur. Phys. J., C",
      volume        = "81",
      pages         = "578",
      year          = "2021",
      url           = "https://cds.cern.ch/record/2746302",
      doi           = "10.1140/epjc/s10052-021-09233-2",
}

@article{Atlas:Hbb,
      collaboration = "ATLAS",
      title         = "{Measurements of $WH$ and $ZH$ production in the $H
                       \rightarrow b\bar{b}$ decay channel in $pp$ collisions at
                       13 TeV with the ATLAS detector}",
      archivePrefix = "arXiv",
      eprint        = "2007.02873",
      reportNumber  = "CERN-EP-2020-087",
      journal       = "Eur. Phys. J. C",
      volume        = "81",
      number        = "2",
      pages         = "178",
      year          = "2021",
      url           = "https://cds.cern.ch/record/2723187",
      doi           = "10.1140/epjc/s10052-020-08677-2",
}

@techreport{Atlas:btagging,
      collaboration = "ATLAS",
      title         = "{Optimisation and performance studies of the ATLAS
                       $b$-tagging algorithms for the 2017-18 LHC run}",
      institution   = "CERN",
      reportNumber  = "ATL-PHYS-PUB-2017-013",
      address       = "Geneva",
      year          = "2017",
      url           = "https://cds.cern.ch/record/2273281",
}


@techreport{Atlas:Hcc,
      collaboration = "ATLAS",
      title         = "{Direct constraint on the Higgs-charm coupling from a
                       search for Higgs boson decays to charm quarks with the
                       ATLAS detector}",
      institution   = "CERN",
      reportNumber  = "ATLAS-CONF-2021-021",
      address       = "Geneva",
      year          = "2021",
      url           = "https://cds.cern.ch/record/2771724",
}

@article{Atlas:PFlowOG,
      author        = "Di Bello, Francesco Armando and Ganguly, Sanmay and Gross,
                       Eilam and Kado, Marumi and Pitt, Michael and Santi, Lorenzo
                       and Shlomi, Jonathan",
      title         = "{Towards a Computer Vision Particle Flow}",
      archivePrefix = "arXiv",
      eprint        = "2003.08863",
      journal       = "Eur. Phys. J. C",
      volume        = "81",
      number        = "2",
      pages         = "107",
      year          = "2021",
      url           = "https://cds.cern.ch/record/2715739",
      doi           = "10.1140/epjc/s10052-021-08897-0",
}

@article{Atlas:Schramm,
    author = "Schramm, Steven",
    collaboration = "ATLAS",
    doi = "10.1051/epjconf/201818202113",
    journal = "EPJ Web Conf.",
    pages = "02113",
    reportNumber = "ATL-PHYS-PROC-2017-236",
    title = "{ATLAS Jet Reconstruction, Calibration, and Tagging of Lorentz-boosted Objects}",
    volume = "182",
    year = "2018"
}

@article{Atlas:Salam2009,
    author = "Salam, Gavin P.",
    archivePrefix = "arXiv",
    doi = "10.1140/epjc/s10052-010-1314-6",
    eprint = "0906.1833",
    journal = "Eur. Phys. J. C",
    pages = "637--686",
    primaryClass = "hep-ph",
    title = "{Towards Jetography}",
    volume = "67",
    year = "2010"
}

@inproceedings{Atlas:Huth,
    author = "Huth, John E. and others",
    booktitle = "{1990 DPF Summer Study on High-energy Physics: Research Directions for the Decade (Snowmass 90)}",
    month = "12",
    pages = "0134--136",
    reportNumber = "FERMILAB-CONF-90-249-E, FNAL-C-90-249-E",
    title = "{Toward a standardization of jet definitions}",
    year = "1990"
}

@article{Theory:alpgen,
   title={ALPGEN, a generator for hard multiparton processes in hadronic collisions},
   volume={2003},
   ISSN={1029-8479},
   url={http://dx.doi.org/10.1088/1126-6708/2003/07/001},
   DOI={10.1088/1126-6708/2003/07/001},
   number={07},
   journal={Journal of High Energy Physics},
   publisher={Springer Science and Business Media LLC},
   author={Mangano, Michelangelo L and Piccinini, Fulvio and Polosa, Antonio D and Moretti, Mauro and Pittau, Roberto},
   year={2003},
   month=jul, pages={001–001} }

@misc{Theory:Pythiamanual,
      title={A comprehensive guide to the physics and usage of PYTHIA 8.3}, 
      author={Christian Bierlich and Smita Chakraborty and Nishita Desai and Leif Gellersen and Ilkka Helenius and Philip Ilten and Leif Lönnblad and Stephen Mrenna and Stefan Prestel and Christian T. Preuss and Torbjörn Sjöstrand and Peter Skands and Marius Utheim and Rob Verheyen},
      year={2022},
      eprint={2203.11601},
      archivePrefix={arXiv},
      primaryClass={hep-ph}
}

@article{Theory:MLM,
   title={Matching matrix elements and shower evolution for top-pair production in hadronic collisions},
   volume={2007},
   ISSN={1029-8479},
   url={http://dx.doi.org/10.1088/1126-6708/2007/01/013},
   DOI={10.1088/1126-6708/2007/01/013},
   number={01},
   journal={Journal of High Energy Physics},
   publisher={Springer Science and Business Media LLC},
   author={Mangano, Michelangelo L and Moretti, Mauro and Piccinini, Fulvio and Treccani, Michele},
   year={2007},
   month=jan, pages={013–013} }

@article{Plehn:2009nd,
    author = "Plehn, Tilman",
    title = "{Lectures on LHC Physics}",
    eprint = "0910.4182",
    archivePrefix = "arXiv",
    primaryClass = "hep-ph",
    doi = "10.1007/978-3-642-24040-9",
    journal = "Lect. Notes Phys.",
    volume = "844",
    pages = "1--193",
    year = "2012"
}

@article{Theory:sherpamatching,
   title={A critical appraisal of NLO+PS matching methods},
   volume={2012},
   ISSN={1029-8479},
   url={http://dx.doi.org/10.1007/JHEP09(2012)049},
   DOI={10.1007/jhep09(2012)049},
   number={9},
   journal={Journal of High Energy Physics},
   publisher={Springer Science and Business Media LLC},
   author={Höche, Stefan and Krauss, Frank and Schönherr, Marek and Siegert, Frank},
   year={2012},
   month=sep }

@article{Theory:MCnlo,
   title={Merging meets matching in MC@NLO},
   volume={2012},
   ISSN={1029-8479},
   url={http://dx.doi.org/10.1007/JHEP12(2012)061},
   DOI={10.1007/jhep12(2012)061},
   number={12},
   journal={Journal of High Energy Physics},
   publisher={Springer Science and Business Media LLC},
   author={Frederix, Rikkert and Frixione, Stefano},
   year={2012},
   month=dec }

@article{Theory:multichannel,
   title={Weight optimization in multichannel Monte Carlo},
   volume={83},
   ISSN={0010-4655},
   url={http://dx.doi.org/10.1016/0010-4655(94)90043-4},
   DOI={10.1016/0010-4655(94)90043-4},
   number={2–3},
   journal={Computer Physics Communications},
   publisher={Elsevier BV},
   author={Kleiss, Ronald and Pittau, Roberto},
   year={1994},
   month=dec, pages={141–146} }

@article{Theory:sequential,
    author = "Byckling, E. and Kajantie, K.",
    title = "{N-particle phase space in terms of invariant momentum transfers}",
    doi = "10.1016/0550-3213(69)90271-5",
    journal = "Nucl. Phys. B",
    volume = "9",
    pages = "568--576",
    year = "1969"
}

@article{Buckley:evgens,
title = {General-purpose event generators for LHC physics},
journal = {Physics Reports},
volume = {504},
number = {5},
pages = {145-233},
year = {2011},
issn = {0370-1573},
doi = {https://doi.org/10.1016/j.physrep.2011.03.005},
url = {https://www.sciencedirect.com/science/article/pii/S0370157311000846},
author = {Andy Buckley and Jonathan Butterworth and Stefan Gieseke and David Grellscheid and Stefan Höche and Hendrik Hoeth and Frank Krauss and Leif Lönnblad and Emily Nurse and Peter Richardson and Steffen Schumann and Michael H. Seymour and Torbjörn Sjöstrand and Peter Skands and Bryan Webber},
keywords = {QCD, Hadron colliders, Monte Carlo simulation},
abstract = {We review the physics basis, main features and use of general-purpose Monte Carlo event generators for the simulation of proton–proton collisions at the Large Hadron Collider. Topics included are: the generation of hard scattering matrix elements for processes of interest, at both leading and next-to-leading QCD perturbative order; their matching to approximate treatments of higher orders based on the showering approximation; the parton and dipole shower formulations; parton distribution functions for event generators; non-perturbative aspects such as soft QCD collisions, the underlying event and diffractive processes; the string and cluster models for hadron formation; the treatment of hadron and tau decays; the inclusion of QED radiation and beyond Standard Model processes. We describe the principal features of the Ariadne, Herwig++, Pythia 8 and Sherpa generators, together with the Rivet and Professor validation and tuning tools, and discuss the physics philosophy behind the proper use of these generators and tools. This review is aimed at phenomenologists wishing to understand better how parton-level predictions are translated into hadron-level events as well as experimentalists seeking a deeper insight into the tools available for signal and background simulation at the LHC.}
}

@article{Atlas:Lee,
    author = "Lee, Jason S.H.",
    editor = "Yoo, I.-K.",
    collaboration = "CMS",
    doi = "10.1051/epjconf/201714104003",
    journal = "EPJ Web Conf.",
    pages = "04003",
    reportNumber = "CMS-CR-2016-369",
    title = "{Multi-jet correlations and colour coherence phenomena}",
    volume = "141",
    year = "2017"
}

@article{Atlas:Dokshitzer,
    author = "Dokshitzer, Yuri L. and Fadin, Victor S. and Khoze, Valery A.",
    doi = "10.1007/BF01571703",
    journal = "Z. Phys. C",
    pages = "37",
    reportNumber = "LENINGRAD-82-789",
    title = "{On the Sensitivity of the Inclusive Distributions in Parton Jets to the Coherence Effects in QCD Gluon Cascades}",
    volume = "18",
    year = "1983"
}

@article{Atlas:Catani,
    author = "Catani, S. and Dokshitzer, Yuri L. and Olsson, M. and Turnock, G. and Webber, B.R.",
    doi = "10.1016/0370-2693(91)90196-W",
    journal = "Phys. Lett. B",
    pages = "432--438",
    reportNumber = "CAVENDISH-HEP-91-5",
    title = "{New clustering algorithm for multi - jet cross-sections in e+ e- annihilation}",
    volume = "269",
    year = "1991"
}

@article{Cacciari:2008gp,
    author = "Cacciari, Matteo and Salam, Gavin P. and Soyez, Gregory",
    archivePrefix = "arXiv",
    doi = "10.1088/1126-6708/2008/04/063",
    eprint = "0802.1189",
    journal = "JHEP",
    pages = "063",
    primaryClass = "hep-ph",
    reportNumber = "LPTHE-07-03",
    title = "{The anti-$k_t$ jet clustering algorithm}",
    volume = "04",
    year = "2008"
}

@techreport{Atlas:TCC,
      title         = "{Improving jet substructure performance in ATLAS using
                       Track-CaloClusters}",
      institution   = "CERN",
      collaboration = "ATLAS Collaboration",
      address       = "Geneva",
      number        = "ATL-PHYS-PUB-2017-015",
      year          = "2017",
      reportNumber  = "ATL-PHYS-PUB-2017-015",
      url           = "https://cds.cern.ch/record/2275636",
}

@techreport{Atlas:UFO,
      collaboration = "ATLAS",
      title         = "{Optimisation of large-radius jet reconstruction for the
                       ATLAS detector in 13 TeV proton–proton collisions}",
      archivePrefix = "arXiv",
      eprint        = "2009.04986",
      reportNumber  = "CERN-EP-2020-134",
      journal       = "Eur. Phys. J. C",
      volume        = "81",
      number        = "4",
      pages         = "334",
      year          = "2021",
      url           = "https://cds.cern.ch/record/2730141",
      doi           = "10.1140/epjc/s10052-021-09054-3",
}

@article{Atlas:PFlow,
      title         = "{Jet reconstruction and performance using particle flow
                       with the ATLAS Detector. Jet reconstruction and performance
                       using particle flow with the ATLAS Detector}",
      journal       = "Eur. Phys. J. C",
      collaboration = "ATLAS Collaboration",
      number        = "CERN-EP-2017-024. 7",
      volume        = "77",
      pages         = "466. 67 p",
      month         = "Mar",
      year          = "2017",
      reportNumber  = "CERN-EP-2017-024",
      url           = "https://cds.cern.ch/record/2257597",
      doi           = "10.1140/epjc/s10052-017-5031-2",
}

@article{Atlas:jetconstituent1,
      author = "I G Knowles and G D Lafferty",
      title = "Hadronization in Z0 decay",
      year = "1997",
      journal = "J. Phys. G: Nucl. Part. Phys. 23 731",
}

@article{Atlas:jetconstituent2,
      author = "M. Green, S. Lloyd, P. Ratoff and D. Ward",
      title = "Electron-Positron Physics at the Z",
      year = "1998",
      journal = "Studies in high energy physics, cosmology, and gravitation, IOP Pub."
}

@article{Atlas:PFlow2,
      collaboration = "ATLAS",
      title         = "{Jet energy scale and resolution measured in
                       proton–proton collisions at $\sqrt{s}=13$ TeV with the
                       ATLAS detector}",
      archivePrefix = "arXiv",
      eprint        = "2007.02645",
      reportNumber  = "CERN-EP-2020-083",
      journal       = "Eur. Phys. J. C",
      volume        = "81",
      number        = "8",
      pages         = "689",
      year          = "2021",
      url           = "https://cds.cern.ch/record/2722869",
      doi           = "10.1140/epjc/s10052-021-09402-3",
}

@techreport{Atlas:altinputsjetgrooming,
      collaboration = "ATLAS",
      title         = "{Impact of Alternative Inputs and Jet Grooming on Large-R
                       Jet Performance}",
      institution   = "CERN",
      reportNumber  = "ATL-PHYS-PUB-2019-027",
      address       = "Geneva",
      year          = "2019",
      url           = "https://cds.cern.ch/record/2683619",
}

@article{VBSWy:SherpaME,
   title={Precise predictions for same-sign W-boson scattering at the LHC},
   volume={78},
   ISSN={1434-6052},
   url={http://dx.doi.org/10.1140/epjc/s10052-018-6136-y},
   DOI={10.1140/epjc/s10052-018-6136-y},
   number={8},
   journal={The European Physical Journal C},
   publisher={Springer Science and Business Media LLC},
   author={Ballestrero, Alessandro and Biedermann, Benedikt and Brass, Simon and Denner, Ansgar and Dittmaier, Stefan and Frederix, Rikkert and Govoni, Pietro and Grossi, Michele and Jäger, Barbara and Karlberg, Alexander and Maina, Ezio and Pellen, Mathieu and Pelliccioli, Giovanni and Plätzer, Simon and Rauch, Michael and Rebuzzi, Daniela and Reuter, Jürgen and Rothe, Vincent and Schwan, Christopher and Shao, Hua-Sheng and Stienemeier, Pascal and Zanderighi, Giulia and Zaro, Marco and Zeppenfeld, Dieter},
   year={2018},
   month=aug }


@article{Atlas:largercali,
      collaboration = "ATLAS",
      title         = "{In situ calibration of large-$R$ jet energy and mass in
                       13 TeV proton-proton collisions with the ATLAS detector}",
      archivePrefix = "arXiv",
      eprint        = "1807.09477",
      reportNumber  = "CERN-EP-2018-191",
      journal       = "Eur. Phys. J. C",
      volume        = "79",
      number        = "2",
      pages         = "135",
      year          = "2019",
      url           = "https://cds.cern.ch/record/2632341",
      note          = "Submitted to Eur.Phys.J.",
      doi           = "10.1140/epjc/s10052-019-6632-8",
}

@techreport{Atlas:smallrufo,
      collaboration = "ATLAS",
      title         = "{R=0.4 jets input comparison and Monte Carlo calibration
                       with the ATLAS Detector}",
      institution   = "CERN",
      reportNumber  = "ATL-PHYS-PUB-2022-038",
      address       = "Geneva",
      year          = "2022",
      url           = "https://cds.cern.ch/record/2824558",
}

@article{Atlas:smallrnewtechniques,
      collaboration = "ATLAS",
      title         = "{New techniques for jet calibration with the ATLAS
                       detector}",
      archivePrefix = "arXiv",
      eprint        = "2303.17312",
      reportNumber  = "CERN-EP-2023-028",
      journal       = "Eur. Phys. J. C",
      volume        = "83",
      pages         = "761",
      year          = "2023",
      url           = "https://cds.cern.ch/record/2854733",
      doi           = "10.1140/epjc/s10052-023-11837-9",
}

@article{Atlas:smallrcali,
      collaboration = "ATLAS",
      title         = "{Jet energy scale and resolution measured in
                       proton–proton collisions at $\sqrt{s}=13$ TeV with the
                       ATLAS detector}",
      archivePrefix = "arXiv",
      eprint        = "2007.02645",
      reportNumber  = "CERN-EP-2020-083",
      journal       = "Eur. Phys. J. C",
      volume        = "81",
      number        = "8",
      pages         = "689",
      year          = "2021",
      url           = "https://cds.cern.ch/record/2722869",
      doi           = "10.1140/epjc/s10052-021-09402-3",
}

@article{Atlas:met,
      collaboration = "ATLAS",
      title         = "{Performance of missing transverse momentum reconstruction
                       with the ATLAS detector using proton-proton collisions at
                       $\sqrt{s}$ = 13 TeV}",
      archivePrefix = "arXiv",
      eprint        = "1802.08168",
      reportNumber  = "CERN-EP-2017-274",
      journal       = "Eur. Phys. J. C",
      volume        = "78",
      number        = "11",
      pages         = "903",
      year          = "2018",
      url           = "https://cds.cern.ch/record/2305380",
      doi           = "10.1140/epjc/s10052-018-6288-9",
}

@article{Atlas:trackmultiplicity,
      collaboration = "ATLAS",
      title         = "{Measurement of the charged-particle multiplicity inside
                       jets from $\sqrt{s}=8$ TeV $pp$ collisions with the ATLAS
                       detector. Measurement of the charged-particle multiplicity
                       inside jets from $\sqrt{s}=8$ TeV $pp$ collisions with the
                       ATLAS detector}",
      archivePrefix = "arXiv",
      eprint        = "1602.00988",
      reportNumber  = "CERN-EP-2016-001, CERN-EP-2016-001",
      journal       = "Eur. Phys. J. C",
      volume        = "76",
      pages         = "322",
      year          = "2016",
      url           = "https://cds.cern.ch/record/2128767",
      doi           = "10.1140/epjc/s10052-016-4126-5",
}

@techreport{Atlas:tau,
      collaboration = "ATLAS",
      title         = "{Measurement of the tau lepton reconstruction and
                       identification performance in the ATLAS experiment using
                       $pp$ collisions at $\sqrt{s}=13~{\rm TeV}$}",
      institution   = "CERN",
      reportNumber  = "ATLAS-CONF-2017-029",
      address       = "Geneva",
      year          = "2017",
      url           = "https://cds.cern.ch/record/2261772",
}

@techreport{Atlas:l1calophase1,
      author        = "Smith, Emily Ann",
      collaboration = "ATLAS",
      title         = "{The phase-1 upgrade of the ATLAS level-1 calorimeter
                       trigger}",
      institution   = "CERN",
      reportNumber  = "ATL-DAQ-PROC-2021-014",
      address       = "Geneva",
      year          = "2022",
      url           = "https://cds.cern.ch/record/2789104",
      doi           = "10.22323/1.398.0754",
}

@article{Atlas:tdaq,
      collaboration = "ATLAS",
      title         = "{Operation of the ATLAS trigger system in Run 2}",
      archivePrefix = "arXiv",
      eprint        = "2007.12539",
      reportNumber  = "CERN-EP-2020-109",
      journal       = "JINST",
      volume        = "15",
      number        = "10",
      pages         = "P10004",
      year          = "2020",
      url           = "https://cds.cern.ch/record/2725146",
      doi           = "10.1088/1748-0221/15/10/P10004",
}

@article{Atlas:triggeratlhc,
author = {Smith, Wesley H.},
title = {Triggering at the LHC},
journal = {Annual Review of Nuclear and Particle Science},
volume = {66},
number = {1},
pages = {123-141},
year = {2016},
doi = {10.1146/annurev-nucl-102115-044713},
URL = {https://doi.org/10.1146/annurev-nucl-102115-044713},
eprint = {https://doi.org/10.1146/annurev-nucl-102115-044713},
abstract = { The trigger systems of the ALICE, ATLAS, CMS, and LHCb experiments overcame substantial challenges to successfully take data and produce historically significant results from the first run of the LHC. This review describes the challenges, requirements, architecture, design, algorithms, technologies, operation, and performance of the LHC experiment trigger systems during the first LHC run.},
}

@article{Atlas:trig2015,
      collaboration = "ATLAS",
      title         = "{Performance of the ATLAS Trigger System in 2015.
                       Performance of the ATLAS Trigger System in 2015}",
      archivePrefix = "arXiv",
      eprint        = "1611.09661",
      reportNumber  = "CERN-EP-2016-241",
      journal       = "Eur. Phys. J. C",
      volume        = "77",
      number        = "5",
      pages         = "317",
      year          = "2017",
      url           = "https://cds.cern.ch/record/2235584",
      doi           = "10.1140/epjc/s10052-017-4852-3",
}


@techreport{Atlas:trigmenu,
      collaboration = "ATLAS",
      title         = "{Trigger menu in 2018}",
      institution   = "CERN",
      reportNumber  = "ATL-DAQ-PUB-2019-001",
      address       = "Geneva",
      year          = "2019",
      url           = "https://cds.cern.ch/record/2693402",
}

@techreport{Atlas:willL1Trigger,
      author        = "Buttinger, W",
      title         = "{The ATLAS Level-1 Trigger System}",
      institution   = "CERN",
      reportNumber  = "ATL-DAQ-PROC-2012-024",
      address       = "Geneva",
      year          = "2012",
      url           = "https://cds.cern.ch/record/1456546",
      doi           = "10.1088/1742-6596/396/1/012010",
}

@article{Atlas:trigegamma,
      collaboration = "ATLAS",
      title         = "{Performance of electron and photon triggers in ATLAS
                       during LHC Run 2}",
      archivePrefix = "arXiv",
      eprint        = "1909.00761",
      reportNumber  = "CERN-EP-2019-169",
      journal       = "Eur. Phys. J. C",
      volume        = "80",
      number        = "1",
      pages         = "47",
      year          = "2020",
      url           = "https://cds.cern.ch/record/2688248",
      doi           = "10.1140/epjc/s10052-019-7500-2",
}

@article{Insitu:zjetmc,
      collaboration = "ATLAS",
      title         = "{Modelling and computational improvements to the
                       simulation of single vector-boson plus jet processes for
                       the ATLAS experiment}",
      archivePrefix = "arXiv",
      eprint        = "2112.09588",
      reportNumber  = "CERN-EP-2021-231",
      journal       = "JHEP",
      volume        = "2208",
      pages         = "089",
      year          = "2022",
      url           = "https://cds.cern.ch/record/2798348",
      doi           = "10.1007/JHEP08(2022)089",
}

@article{Insitu:powheg1,
	doi = {10.1007/jhep06(2010)043},
  
	url = {https://doi.org/10.1007%2Fjhep06%282010%29043},
  
	year = 2010,
	month = {jun},
  
	publisher = {Springer Science and Business Media {LLC}
},
  
	volume = {2010},
  
	number = {6},
  
	author = {Simone Alioli and Paolo Nason and Carlo Oleari and Emanuele Re},
  
	title = {A general framework for implementing {NLO} calculations in shower Monte Carlo programs: the {POWHEG} {BOX}},
  
	journal = {Journal of High Energy Physics}
}

@article{Insitu:powheg2,
	doi = {10.1088/1126-6708/2007/11/070},
  
	url = {https://doi.org/10.1088%2F1126-6708%2F2007%2F11%2F070},
  
	year = 2007,
	month = {nov},
  
	publisher = {Springer Science and Business Media {LLC}
},
  
	volume = {2007},
  
	number = {11},
  
	pages = {070--070},
  
	author = {Stefano Frixione and Paolo Nason and Carlo Oleari},
  
	title = {Matching {NLO} {QCD} computations with parton shower simulations: the {POWHEG} method},
  
	journal = {Journal of High Energy Physics}
}

@article{Insitu:powheg3,
	doi = {10.1088/1126-6708/2004/11/040},
  
	url = {https://doi.org/10.1088%2F1126-6708%2F2004%2F11%2F040},
  
	year = 2004,
	month = {nov},
  
	publisher = {Springer Science and Business Media {LLC}
},
  
	volume = {2004},
  
	number = {11},
  
	pages = {040--040},
  
	author = {Paolo Nason},
  
	title = {A New Method for Combining {NLO} {QCD} with Shower Monte Carlo Algorithms},
  
	journal = {Journal of High Energy Physics}
}

@article{Insitu:pythia,
title = {An introduction to PYTHIA 8.2},
journal = {Computer Physics Communications},
volume = {191},
pages = {159-177},
year = {2015},
issn = {0010-4655},
doi = {https://doi.org/10.1016/j.cpc.2015.01.024},
url = {https://www.sciencedirect.com/science/article/pii/S0010465515000442},
author = {Torbjörn Sjöstrand and Stefan Ask and Jesper R. Christiansen and Richard Corke and Nishita Desai and Philip Ilten and Stephen Mrenna and Stefan Prestel and Christine O. Rasmussen and Peter Z. Skands},
keywords = {Event generators, Multiparticle production, Matrix elements, Parton showers, Matching and merging, Multiparton interactions, Hadronisation},
}
@article{Insitu:ct10,
  title = {New parton distributions for collider physics},
  author = {Lai, Hung-Liang and Guzzi, Marco and Huston, Joey and Li, Zhao and Nadolsky, Pavel M. and Pumplin, Jon and Yuan, C.-P.},
  journal = {Phys. Rev. D},
  volume = {82},
  issue = {7},
  pages = {074024},
  numpages = {24},
  year = {2010},
  month = {Oct},
  publisher = {American Physical Society},
  doi = {10.1103/PhysRevD.82.074024},
  url = {https://link.aps.org/doi/10.1103/PhysRevD.82.074024}
}

@article{Insitu:aznlo,
	doi = {10.1007/jhep09(2014)145},
  
	url = {https://doi.org/10.1007%2Fjhep09%282014%29145},
  
	year = 2014,
	month = {9},
  
	publisher = {Springer Science and Business Media {LLC}},
  
	volume = {2014},
  
	number = {9},
      title  =   "{Measurement of the $Z/\gamma^*$ boson transverse momentum
                  distribution in $pp$ collisions at $\sqrt{s} =7$ TeV with
                  the ATLAS detector. Measurement of the $Z/\gamma^*$ boson
                  transverse momentum distribution in $pp$ collisions at
                  $\sqrt{s}$ = 7 TeV with the ATLAS detector}",
  
	journal = {Journal of High Energy Physics}
}

@article{Insitu:cteq,
doi = {10.1088/1126-6708/2002/07/012},
url = {https://dx.doi.org/10.1088/1126-6708/2002/07/012},
year = {2002},
month = {8},
publisher = {},
volume = {2002},
number = {07},
pages = {012},
author = {Jonathan Pumplin and  Daniel Robert Stump and  Joey Huston and  Hung-Liang Lai and  Pavel Nadolsky and  Wu-Ki Tung},
title = {New Generation of Parton Distributions with Uncertainties from Global QCD Analysis},
journal = {Journal of High Energy Physics},
}

@misc{Insitu:photos,
      title={PHOTOS Interface in C++; Technical and Physics Documentation}, 
      author={N. Davidson and T. Przedzinski and Z. Was},
      year={2015},
      eprint={1011.0937},
      archivePrefix={arXiv},
      primaryClass={hep-ph}
}

@article{Insitu:evtgen,
title = {The EvtGen particle decay simulation package},
journal = {Nuclear Instruments and Methods in Physics Research Section A: Accelerators, Spectrometers, Detectors and Associated Equipment},
volume = {462},
number = {1},
pages = {152-155},
year = {2001},
note = {BEAUTY2000, Proceedings of the 7th Int. Conf. on B-Physics at Hadron Machines},
issn = {0168-9002},
doi = {https://doi.org/10.1016/S0168-9002(01)00089-4},
url = {https://www.sciencedirect.com/science/article/pii/S0168900201000894},
author = {David J. Lange},
keywords = {Monte Carlo, Event generator},
}

@article{Insitu:sherpa,
doi = {10.1088/1126-6708/2009/02/007},
url = {https://dx.doi.org/10.1088/1126-6708/2009/02/007},
year = {2009},
month = {feb},
publisher = {},
volume = {2009},
number = {02},
pages = {007},
author = {T. Gleisberg and  S. Höche and  F. Krauss and  M. Schönherr and  S. Schumann and  F. Siegert and  J. Winter},
title = {Event generation with SHERPA 1.1},
journal = {Journal of High Energy Physics},
}

@article{Insitu:sherpa22,
    author = "Bothmann, Enrico and others",
    collaboration = "Sherpa",
    title = "{Event Generation with Sherpa 2.2}",
    eprint = "1905.09127",
    archivePrefix = "arXiv",
    primaryClass = "hep-ph",
    reportNumber = "FERMILAB-PUB-19-218-T, SLAC-PUB-17433, IPPP/19/42, MCNET-19-11",
    doi = "10.21468/SciPostPhys.7.3.034",
    journal = "SciPost Phys.",
    volume = "7",
    number = "3",
    pages = "034",
    year = "2019"
}

@article{Insitu:comix,
doi = {10.1088/1126-6708/2008/12/039},
url = {https://dx.doi.org/10.1088/1126-6708/2008/12/039},
year = {2008},
month = {dec},
publisher = {},
volume = {2008},
number = {12},
pages = {039},
author = {Tanju Gleisberg and  Stefan Höche},
title = {Comix, a new matrix element generator},
journal = {Journal of High Energy Physics},
}

@article{Insitu:csshower,
    author = "Schumann, Steffen and Krauss, Frank",
    title = "{A Parton shower algorithm based on Catani-Seymour dipole factorisation}",
    eprint = "0709.1027",
    archivePrefix = "arXiv",
    primaryClass = "hep-ph",
    reportNumber = "DCPT-07-86, IPPP-07-43",
    doi = "10.1088/1126-6708/2008/03/038",
    journal = "JHEP",
    volume = "03",
    pages = "038",
    year = "2008"
}

@article{Insitu:csalgorithm,
    author = "Catani, S. and Seymour, M. H.",
    title = "{A General algorithm for calculating jet cross-sections in NLO QCD}",
    eprint = "hep-ph/9605323",
    archivePrefix = "arXiv",
    reportNumber = "CERN-TH-96-029, CERN-TH-96-29",
    doi = "10.1016/S0550-3213(96)00589-5",
    journal = "Nucl. Phys. B",
    volume = "485",
    pages = "291--419",
    year = "1997",
    note = "[Erratum: Nucl.Phys.B 510, 503--504 (1998)]"
}

@article{Insitu:openloops,
  title = {Scattering Amplitudes with Open Loops},
  author = {Cascioli, F. and Maierh\"ofer, P. and Pozzorini, S.},
  journal = {Phys. Rev. Lett.},
  volume = {108},
  issue = {11},
  pages = {111601},
  numpages = {5},
  year = {2012},
  month = {Mar},
  publisher = {American Physical Society},
  doi = {10.1103/PhysRevLett.108.111601},
  url = {https://link.aps.org/doi/10.1103/PhysRevLett.108.111601}
}

@article{Insitu:ckkw1,
doi = {10.1088/1126-6708/2001/11/063},
url = {https://dx.doi.org/10.1088/1126-6708/2001/11/063},
year = {2002},
month = {jan},
publisher = {},
volume = {2001},
number = {11},
pages = {063},
author = {Stefano Catani and  Frank Krauss and  Bryan R. Webber and  Ralf Kuhn},
title = {QCD Matrix Elements + Parton Showers},
journal = {Journal of High Energy Physics},
}

@article{Insitu:ckkw2,
doi = {10.1088/1126-6708/2009/05/053},
url = {https://dx.doi.org/10.1088/1126-6708/2009/05/053},
year = {2009},
month = {may},
publisher = {},
volume = {2009},
number = {05},
pages = {053},
author = {Stefan Höche and  Frank Krauss and  Steffen Schumann and  Frank Siegert},
title = {QCD matrix elements and truncated showers},
journal = {Journal of High Energy Physics},
}

@article{Insitu:meps,
    author = "Hoeche, Stefan and Krauss, Frank and Schonherr, Marek and Siegert, Frank",
    title = "{QCD matrix elements + parton showers: The NLO case}",
    eprint = "1207.5030",
    archivePrefix = "arXiv",
    primaryClass = "hep-ph",
    reportNumber = "SLAC-PUB-15191, IPPP-12-52, DCPT-12-104, LPN12-081, MCNET-12-09, FR-PHENO-2012-017",
    doi = "10.1007/JHEP04(2013)027",
    journal = "JHEP",
    volume = "04",
    pages = "027",
    year = "2013"
}

@article{Insitu:nnpdf,
    author = "Ball, Richard D. and others",
    collaboration = "NNPDF",
    title = "{Parton distributions for the LHC Run II}",
    eprint = "1410.8849",
    archivePrefix = "arXiv",
    primaryClass = "hep-ph",
    reportNumber = "EDINBURGH-2014-15, IFUM-1034-FT, CERN-PH-TH-2013-253, OUTP-14-11P, CAVENDISH-HEP-14-11",
    doi = "10.1007/JHEP04(2015)040",
    journal = "JHEP",
    volume = "04",
    pages = "040",
    year = "2015"
}

@article{Insitu:atlassim,
    author = "Aad, G. and others",
    collaboration = "ATLAS",
    title = "{The ATLAS Simulation Infrastructure}",
    eprint = "1005.4568",
    archivePrefix = "arXiv",
    primaryClass = "physics.ins-det",
    doi = "10.1140/epjc/s10052-010-1429-9",
    journal = "Eur. Phys. J. C",
    volume = "70",
    pages = "823--874",
    year = "2010"
}

@article{Insitu:antikt,
doi = {10.1088/1126-6708/2008/04/063},
url = {https://dx.doi.org/10.1088/1126-6708/2008/04/063},
year = {2008},
month = {apr},
publisher = {},
volume = {2008},
number = {04},
pages = {063},
author = {Matteo Cacciari and  Gavin P. Salam and  Gregory Soyez},
title = {The anti-kt jet clustering algorithm},
journal = {Journal of High Energy Physics},
}

@article{Insitu:smallrcali,
	doi = {10.1103/physrevd.96.072002},
	url = {https://doi.org/10.1103%2Fphysrevd.96.072002},
	year = 2017,
	month = {oct},
	publisher = {American Physical Society ({APS})},
	volume = {96},
	number = {7},
	title = {Jet energy scale measurements and their systematic uncertainties in proton-proton collisions at $\sqrt{s}=13\TeV$ with the ATLAS detector},
	journal = {Physical Review D}
}

@article{Insitu:fastjet1,
	doi = {10.1140/epjc/s10052-012-1896-2},
	url = {https://doi.org/10.1140%2Fepjc%2Fs10052-012-1896-2},
	year = 2012,
	month = {mar},
	publisher = {Springer Science and Business Media {LLC}},
	volume = {72},
	number = {3},
	author = {Matteo Cacciari and Gavin P. Salam and Gregory Soyez},
	title = {{FastJet} user manual},
	journal = {The European Physical Journal C}
}

@article{Insitu:fastjet2,
    author = "Cacciari, Matteo and Salam, Gavin P.",
    title = "{Dispelling the $N^{3}$ myth for the $k_t$ jet-finder}",
    eprint = "hep-ph/0512210",
    archivePrefix = "arXiv",
    reportNumber = "LPTHE-05-32",
    doi = "10.1016/j.physletb.2006.08.037",
    journal = "Phys. Lett. B",
    volume = "641",
    pages = "57--61",
    year = "2006"
}

@article{Insitu:cs,
	doi = {10.1007/jhep06(2014)092},
	url = {https://doi.org/10.1007%2Fjhep06%282014%29092},
	year = 2014,
	month = {jun},
	publisher = {Springer Science and Business Media {LLC}},
	volume = {2014},
	number = {6},
	author = {Peter Berta and Martin Spousta and David W. Miller and Rupert Leitner},
	title = {Particle-level pileup subtraction for jets and jet shapes},
	journal = {Journal of High Energy Physics}
}

@article{Insitu:sk,
	doi = {10.1140/epjc/s10052-015-3267-2},
	url = {https://doi.org/10.1140%2Fepjc%2Fs10052-015-3267-2},
	year = 2015,
	month = {feb},
	publisher = {Springer Science and Business Media {LLC}},
	volume = {75},
	number = {2},
	author = {Matteo Cacciari and Gavin P. Salam and Gregory Soyez},
	title = {{SoftKiller},
   a particle-level pileup removal method},
	journal = {The European Physical Journal C}
}

@article{Insitu:softdrop,
	doi = {10.1007/jhep05(2014)146},
	url = {https://doi.org/10.1007%2Fjhep05%282014%29146},
	year = 2014,
	month = {may},
	publisher = {Springer Science and Business Media {LLC}},
	volume = {2014},
	number = {5},
	author = {Andrew J. Larkoski and Simone Marzani and Gregory Soyez and Jesse Thaler},
	title = {Soft drop},
	journal = {Journal of High Energy Physics}
}

@techreport{LUMI,
      collaboration = "ATLAS",
      title         = "{Luminosity determination in $pp$ collisions at
                       $\sqrt{s}=13$ TeV using the ATLAS detector at the LHC}",
      institution   = "CERN",
      reportNumber  = "ATLAS-CONF-2019-021",
      address       = "Geneva",
      year          = "2019",
      url           = "https://cds.cern.ch/record/2677054",
}

@article{Insitu:JVT,
title = {Performance of pile-up mitigation techniques for jets in pp collisions with the ATLAS detector},
journal = {Nuclear Instruments and Methods in Physics Research Section A: Accelerators, Spectrometers, Detectors and Associated Equipment},
volume = {824},
pages = {367-370},
year = {2016},
note = {Frontier Detectors for Frontier Physics: Proceedings of the 13th Pisa Meeting on Advanced Detectors},
issn = {0168-9002},
doi = {https://doi.org/10.1016/j.nima.2015.10.039},
url = {https://www.sciencedirect.com/science/article/pii/S0168900215012516},
author = {M. Testa},
keywords = {ATLAS, LHC, HL-LHC, Pile-up, Jets},
}

@misc{ORTool,
      author        = "{Steve Farrell}",
      title         = "{Overlap Removal Tools}",
      institution   = "Berkeley National Laboratory",
      year          = "2017",
      url           = "https://indico.cern.ch/event/631313/contributions/2683959/attachments/1518878/2373377/Farrell_ORTools_ftaghbb.pdf",
}

@misc{TtypeOperators,
      author        = "{Ilaria Brivio (Universidad Autonoma de Madrid (ES))}",
      title         = "{W$\gamma$ scattering as a probe for quartic gauge couplings}",
      institution   = "CERN",
      year          = "2023",
      url           = "https://indico.cern.ch/event/1227204/",
}

@mastersthesis{cball1,
    author = "Oreglia, M.",
    title = "{A Study of the Reactions $\psi^\prime \to \gamma \gamma \psi$}",
    reportNumber = "SLAC-0236, SLAC-236, UMI-81-08973, SLAC-R-0236, SLAC-R-236",
    type = "Other thesis",
    month = "12",
    year = "1980"
}

@mastersthesis{cball2,
    author = "Oreglia, M.",
    title = "{A Study of the Reactions $\psi^\prime \to \gamma \gamma \psi$}",
    reportNumber = "SLAC-0236, SLAC-236, UMI-81-08973, SLAC-R-0236, SLAC-R-236",
    type = "Other thesis",
    month = "12",
    year = "1980"
}

@misc{timevans,
      author        = "{Tim Evans}",
      title         = "{Quantum Field Theory Course 2015}",
      institution   = "Imperial College London",
      url           = "https://plato.tp.ph.ic.ac.uk/~time/qft/index.html",
}

@misc{tong,
      author        = "{David Tong}",
      title         = "{Lectures on Quantum Field Theory}",
      institution   = "University of Cambridge",
      url           = "https://www.damtp.cam.ac.uk/user/tong/qft.html",
}

@misc{VBSWy:VBSNLO,
      author        = "{Ansgar Denner}",
      title         = "{VBS precision predictions}",
      institution   = "Universitat Würzburg",
      year          = "2019",
      url           = "https://indico.cern.ch/event/799542/contributions/3489882/attachments/1951454/3239733/denner_wien19.pdf",
}

@misc{VBSWy:MCNetVBSNLO,
      author        = "{Jonas M. Lindert}",
      title         = "{Aspects of the EW Standard Model II}",
      institution   = "University of Sussex",
      year          = "2022",
      url           = "https://indico.cern.ch/event/1104027/contributions/4818733/attachments/2467875/4232927/JL_MCnet2022_2.pdf",
}

@misc{VBSWy:kernelsmooth,
      author        = "{Dag Gillberg}",
      title         = "{Combining measurements
with a Gaussian kernel}",
      institution   = "Carleton University",
      year          = "2012",
      url           = "https://twiki.cern.ch/twiki/pub/AtlasProtected/EtaIntercalibration2011BackupDocumentation/GausKernel.pdf",
}

@article{Insitu:ghostassociation,
title = {Pileup subtraction using jet areas},
journal = {Physics Letters B},
volume = {659},
number = {1},
pages = {119-126},
year = {2008},
issn = {0370-2693},
doi = {https://doi.org/10.1016/j.physletb.2007.09.077},
url = {https://www.sciencedirect.com/science/article/pii/S0370269307011094},
author = {Matteo Cacciari and Gavin P. Salam},
}

@article{Insitu:likelihoodfit,
title = {Clarification of the use of CHI-square and likelihood functions in fits to histograms},
journal = {Nuclear Instruments and Methods in Physics Research},
volume = {221},
number = {2},
pages = {437-442},
year = {1984},
issn = {0167-5087},
doi = {https://doi.org/10.1016/0167-5087(84)90016-4},
url = {https://www.sciencedirect.com/science/article/pii/0167508784900164},
author = {Steve Baker and Robert D. Cousins},
}

@misc{Insitu:JetResponseFitter,
      author        = "{Matt Relich}",
      title         = "{Common Fitting Tool}",
      institution   = "UC Irvine",
      year          = "2012",
      url           = "https://indico.cern.ch/event/213454/contributions/430232/attachments/337413/470895/FitResults_Nov21_v3.pdf",
}

@Inbook{Insitu:scottsrule,
author="Scott, David W.",
editor="Lovric, Miodrag",
title="Sturges' and Scott's Rules",
bookTitle="International Encyclopedia of Statistical Science",
year="2011",
publisher="Springer Berlin Heidelberg",
address="Berlin, Heidelberg",
pages="1563--1566",
isbn="978-3-642-04898-2",
doi="10.1007/978-3-642-04898-2_578",
url="https://doi.org/10.1007/978-3-642-04898-2_578"
}

@article{Insitu:muoncal,
      collaboration = "ATLAS",
      title         = "{Studies of the muon momentum calibration and performance
                       of the ATLAS detector with $pp$ collisions at $\sqrt{s}$=13
                       TeV}",
      archivePrefix = "arXiv",
      eprint        = "2212.07338",
      reportNumber  = "CERN-EP-2022-274",
      journal       = "Eur. Phys. J. C",
      volume        = "83",
      number        = "8",
      pages         = "686",
      year          = "2023",
      url           = "https://cds.cern.ch/record/2844624",
      doi           = "10.1140/epjc/s10052-023-11584-x",
}

@article{Insitu:JVT,
	doi = {10.1140/epjc/s10052-016-4395-z},
	url = {https://doi.org/10.1140%2Fepjc%2Fs10052-016-4395-z},
	year = 2016,
	month = {oct},
	publisher = {Springer Science and Business Media {LLC}},
	volume = {76},
	number = {11},
      title = {Performance of pile-up mitigation techniques for jets in pp collisions at $sqrt{s}=8\TeV$ using the ATLAS detector},
      journal = {The European Physical Journal C}
}

@misc{Insitu:MPFresults,
      author        = "{Sundeep Singh}",
      title         = "{Determining the Jet Energy Scale for ATLAS in the Z+Jet Channel}",
      institution   = "University of British Columbia",
      year          = "2016",
      url           = "https://summit.sfu.ca/_flysystem/fedora/2022-08/input_data/21142/etd21203.pdf",
}

@misc{Insitu:combination,
      author        = "{Mariana Toscani}",
      title         = "{Overview of Large R in-situ JES}",
      institution   = "Universidad de Buenos Aires",
      year          = "2022",
      url           = "https://indico.cern.ch/event/1207677/contributions/5079756/attachments/2531419/4355547/Overview%20of%20Large%20R%20in-situ%20JES%20(1).pdf",
}

@misc{Insitu:etainterufo,
      author        = "{Oleksandr (Sasha) Burlayenko}",
      title         = "{New Jet Samples Preparation and Their Impact in Jet Calibration Uncertainties}",
      institution   = "Universitat Freiburg",
      year          = "2022",
      url           = "https://indico.cern.ch/event/1202933/contributions/5058540/attachments/2513258/4320313/QTpart2_Burlayenko21092022MainJetEt.pdf",
}

@misc{Insitu:gamjetufo,
      author        = "{Julio Lozano Bahilo and Naseem Bouchhar}",
      title         = "{Large-R Calibration for Gamma+Jet Events}",
      institution   = "Universitat de Valencia",
      year          = "2022",
      url           = "https://indico.cern.ch/event/1148615/contributions/4915701/attachments/2460233/4217960/Large-R_10_june%20(1).pdf",
}

@misc{Insitu:zjetufo,
      author        = "{Benjamin Honan}",
      title         = "{Large-R JES using Z+jet events}",
      institution   = "University of Manchester",
      year          = "2020",
      url           = "https://indico.cern.ch/event/971848/contributions/4093651/attachments/2141016/3607874/QT_Report__Large_R_JES_using_Z_jet_events(3).pdf",
}

@misc{Insitu:mjbufo,
      author        = "{Evan Van de Wall}",
      title         = "{Multijet Balance Update}",
      institution   = "Oklahoma State University",
      year          = "2022",
      url           = "https://indico.cern.ch/event/1084917/contributions/4770656/attachments/2406615/4117073/MJB_update.pdf",
}

@misc{Insitu:sahilresponse,
      author        = "{Sahil Singh}",
      title         = "{Direct Balance Cross-Check Using the Insitu Framework}",
      institution   = "SFU",
      year          = "2021",
}

@article{VBSWy:VBS1,
    author = "Khachatryan, Vardan and others",
    collaboration = "CMS",
    title = "{Study of vector boson scattering and search for new physics in events with two same-sign leptons and two jets}",
    eprint = "1410.6315",
    archivePrefix = "arXiv",
    primaryClass = "hep-ex",
    reportNumber = "CMS-SMP-13-015, CERN-PH-EP-2014-250",
    doi = "10.1103/PhysRevLett.114.051801",
    journal = "Phys. Rev. Lett.",
    volume = "114",
    number = "5",
    pages = "051801",
    year = "2015"
}

@article{VBSWy:VBS2,
      collaboration = "ATLAS",
      title         = "{Evidence of $W\gamma\gamma$ production in $pp$ collisions
                       at $\sqrt{s}=8$ TeV and limits on anomalous quartic gauge
                       couplings with the ATLAS detector. Evidence of
                       $W\gamma\gamma$ production in $pp$ collisions at
                       $\sqrt{s}=8$ TeV and limits on anomalous quartic gauge
                       couplings with the ATLAS detector}",
      archivePrefix = "arXiv",
      eprint        = "1503.03243",
      reportNumber  = "CERN-PH-EP-2015-009, CERN-PH-EP-2015-009",
      journal       = "Phys. Rev. Lett.",
      volume        = "115",
      pages         = "031802",
      year          = "2015",
      url           = "https://cds.cern.ch/record/2000307",
      doi           = "10.1103/PhysRevLett.115.031802",
}

@article{VBSWy:VBS3,
      collaboration = "ATLAS",
      title         = "{Search for anomalous electroweak production of $WW/WZ$ in
                       association with a high-mass dijet system in $pp$
                       collisions at $\sqrt{s}=8$ TeV with the ATLAS detector.
                       Search for anomalous electroweak production of $WW/WZ$ in
                       association with a high-mass dijet system in $pp$
                       collisions at $\sqrt{s}=8$ TeV with the ATLAS detector}",
      archivePrefix = "arXiv",
      eprint        = "1609.05122",
      reportNumber  = "CERN-EP-2016-171, CERN-EP-2016-171",
      journal       = "Phys. Rev. D",
      volume        = "95",
      pages         = "032001",
      year          = "2017",
      url           = "https://cds.cern.ch/record/2216191",
      doi           = "10.1103/PhysRevD.95.032001",
}

@misc{VBSWy:VBSWy,
      title={Fiducial and differential cross-section measurements of electroweak $W\gamma jj$ production in $pp$ collisions at $\sqrt{s} = 13$ TeV with the ATLAS detector}, 
      collaboration={ATLAS Collaboration},
      year={2024},
      eprint={2403.02809},
      archivePrefix={arXiv},
      primaryClass={hep-ex},
      url={https://arxiv.org/abs/2403.02809}, 
}

@article{VBSWy:CMSdiffx,
    author = "Tumasyan, Armen and others",
    collaboration = "CMS",
    title = "{Measurement of the electroweak production of W$\gamma$ in association with two jets in proton-proton collisions at $\sqrt{s}$ = 13 TeV}",
    eprint = "2212.12592",
    archivePrefix = "arXiv",
    primaryClass = "hep-ex",
    reportNumber = "CMS-SMP-21-011, CERN-EP-2022-223",
    doi = "10.1103/PhysRevD.108.032017",
    journal = "Phys. Rev. D",
    volume = "108",
    number = "3",
    pages = "032017",
    year = "2023"
}

@article{VBSWy:abcd,
  title = {Automating the ABCD method with machine learning},
  author = {Kasieczka, Gregor and Nachman, Benjamin and Schwartz, Matthew D. and Shih, David},
  journal = {Phys. Rev. D},
  volume = {103},
  issue = {3},
  pages = {035021},
  numpages = {20},
  year = {2021},
  month = {Feb},
  publisher = {American Physical Society},
  doi = {10.1103/PhysRevD.103.035021},
  url = {https://link.aps.org/doi/10.1103/PhysRevD.103.035021}
}

@techreport{VBSWy:tagprobe,
      author        = "Manzoni, Stefano and Carminati, Leonardo and Marchiori,
                       Giovanni",
      title         = "{Electron-to-photon fake rate measurements - Supporting
                       documentation for the paper Photon identification in
                       2015+2016 ATLAS data}",
      institution   = "CERN",
      reportNumber  = "ATL-COM-PHYS-2017-1277",
      address       = "Geneva",
      year          = "2017",
      url           = "https://cds.cern.ch/record/2280801",
}

@article{VBSWy:fakefactor,
      collaboration = "ATLAS",
      title         = "{Tools for estimating fake/non-prompt lepton backgrounds
                       with the ATLAS detector at the LHC}",
      archivePrefix = "arXiv",
      eprint        = "2211.16178",
      reportNumber  = "CERN-EP-2022-214",
      journal       = "JINST",
      volume        = "18",
      number        = "11",
      pages         = "T11004",
      year          = "2023",
      url           = "https://cds.cern.ch/record/2842463",
      doi           = "10.1088/1748-0221/18/11/T11004",
}

@article{VBSWy:CMSVBSWy,
author = {Khachatryan, Vardan and Sirunyan, AM and Tumasyan, A and Adam, W and Asilar, E and Bergauer, Thomas and Brandstetter, Johannes and Brondolin, E and Dragicevic, Marko and Erö, J and Flechl, Martin and Friedl, M and Frühwirth, R and Ghete, VM and Hartl, C and Hörmann, N and Hrubec, J and Jeitler, M. and König, Axel and Woods, N},
year = {2017},
month = {06},
pages = {},
title = {Measurement of electroweak-induced production of W$\gamma$ with two jets in pp collisions at √s=8 TeV and constraints on anomalous quartic gauge couplings},
volume = {2017},
journal = {Journal of High Energy Physics}
}

@article{VBSWy:VBS5,
  title = {Measurement of ${W}^{\pm}{W}^{\pm}$ vector-boson scattering and limits on anomalous quartic gauge couplings with the ATLAS detector},
  collaboration = {ATLAS Collaboration},
  journal = {Phys. Rev. D},
  volume = {96},
  issue = {1},
  pages = {012007},
  numpages = {34},
  year = {2017},
  month = {Jul},
  publisher = {American Physical Society},
  doi = {10.1103/PhysRevD.96.012007},
  url = {https://link.aps.org/doi/10.1103/PhysRevD.96.012007}
}

@article{VBSWy:VBS6,
    author = "Khachatryan, Vardan and others",
    collaboration = "CMS",
    title = "{Measurement of the cross section for electroweak production of Z$\gamma$ in association with two jets and constraints on anomalous quartic gauge couplings in proton\textendash{}proton collisions at $\sqrt{s} = 8$ TeV}",
    eprint = "1702.03025",
    archivePrefix = "arXiv",
    primaryClass = "hep-ex",
    reportNumber = "CMS-SMP-14-018, CERN-EP-2016-308",
    doi = "10.1016/j.physletb.2017.04.071",
    journal = "Phys. Lett. B",
    volume = "770",
    pages = "380--402",
    year = "2017"
}

@article{VBSWy:VBS7,
year = {2017},
collaboration = {ATLAS Collaboration},
month = {07},
pages = {107},
title = {Studies of Zγ production in association with a high-mass dijet system in pp collisions at \( \sqrt{s}=8 \) TeV with the ATLAS detector},
volume = {2017},
journal = {Journal of High Energy Physics},
doi = {10.1007/jhep07(2017)107}
}

@article{VBSWy:madgraph,
      author        = "Alwall, J. and Frederix, R. and Frixione, S. and Hirschi,
                       V. and Maltoni, F. and Mattelaer, O. and Shao, H. -S. and
                       Stelzer, T. and Torrielli, P. and Zaro, M.",
      title         = "{The automated computation of tree-level and
                       next-to-leading order differential cross sections, and
                       their matching to parton shower simulations}",
      archivePrefix = "arXiv",
      eprint        = "1405.0301",
      reportNumber  = "CERN-PH-TH-2014-064, CP3-14-18, LPN14-066, MCNET-14-09,
                       ZU-TH-14-14, CERN-PH-TH-2014-064, CP3-14-18, LPN14-066,
                       MCNET-14-09, ZU-TH 14-14",
      journal       = "JHEP",
      volume        = "07",
      pages         = "079",
      year          = "2014",
      url           = "https://cds.cern.ch/record/1699128",
      note          = "Comments: 158 pages, 27 figures; a few references have
                       been added",
      doi           = "10.1007/JHEP07(2014)079",
}

@techreport{VBSWy:a14,
      title         = "{ATLAS Pythia 8 tunes to 7 TeV data}",
      institution   = "CERN",
      reportNumber  = "ATL-PHYS-PUB-2014-021",
      address       = "Geneva",
      year          = "2014",
      url           = "https://cds.cern.ch/record/1966419",
}

@article{VBSWy:amegic,
    author = "Krauss, F. and Kuhn, R. and Soff, G.",
    title = "{AMEGIC++ 1.0: A Matrix element generator in C++}",
    eprint = "hep-ph/0109036",
    archivePrefix = "arXiv",
    reportNumber = "CAVENDISH-HEP-01-11",
    doi = "10.1088/1126-6708/2002/02/044",
    journal = "JHEP",
    volume = "02",
    pages = "044",
    year = "2002"
}

@techreport{VBSWy:metsysts,
      collaboration = "ATLAS",
      title         = "{$E_{\text{T}}^{\text{miss}}$ performance in the ATLAS
                       detector using 2015-2016 LHC p-p collisions}",
      institution   = "CERN",
      reportNumber  = "ATLAS-CONF-2018-023",
      address       = "Geneva",
      year          = "2018",
      url           = "https://cds.cern.ch/record/2625233",
}

@inproceedings{VBSWy:likelihood,
    author = "Cranmer, Kyle",
    title = "{Practical Statistics for the LHC}",
    booktitle = "{2011 European School of High-Energy Physics}",
    eprint = "1503.07622",
    archivePrefix = "arXiv",
    primaryClass = "physics.data-an",
    doi = "10.5170/CERN-2014-003.267",
    pages = "267--308",
    year = "2014"
}

@article{VBSWy:beestonbarlow,
    author = "Barlow, Roger J. and Beeston, Christine",
    title = "{Fitting using finite Monte Carlo samples}",
    reportNumber = "MAN-HEP-93-1",
    doi = "10.1016/0010-4655(93)90005-W",
    journal = "Comput. Phys. Commun.",
    volume = "77",
    pages = "219--228",
    year = "1993"
}
@article{VBSWy:VBFZ,
      collaboration = "ATLAS",
      title         = "{Differential cross-section measurements for the
                       electroweak production  of dijets in association with a $Z$
                       boson in proton$-$proton collisions at  ATLAS}",
      archivePrefix = "arXiv",
      eprint        = "2006.15458",
      reportNumber  = "CERN-EP-2020-045",
      journal       = "Eur. Phys. J. C",
      volume        = "81",
      number        = "2",
      pages         = "163",
      year          = "2021",
      url           = "https://cds.cern.ch/record/2722304",
      doi           = "10.1140/epjc/s10052-020-08734-w",
}

@article{VBSWy:minuit,
      author        = "James, F and ",
      title         = "{MINUIT: Function Minimization and Error Analysis
                       Reference Manual}",
      year          = "1998",
      url           = "https://cds.cern.ch/record/2296388",
      note          = "CERN Program Library Long Writeups",
}

@proceedings{VBSWy:thsmoothing,
      title         = "{Proceedings of the 1974 CERN School of Computing:
                       Godøysund, Norway 11 - 24 Aug 1974. 3rd CERN School of
                       Computing}",
      organization  = "CERN",
      publisher     = "CERN",
      address       = "Geneva",
      year          = "1974",
      url           = "https://cds.cern.ch/record/186223",
      doi           = "10.5170/CERN-1974-023",
}

@book{VBSWy:Behnke,
    editor = {Behnke, Olaf and Kr\"oninger, Kevin and Sch\"orner-Sadenius, Thomas and Schott, Gregory},
    title = "{Data analysis in high energy physics}: {A practical guide to statistical methods}",
    isbn = "978-3-527-41058-3, 978-3-527-65344-7, 978-3-527-65343-0",
    publisher = "Wiley-VCH",
    address = "Weinheim, Germany",
    year = "2013"
}

@techreport{VBSWy:IBU,
      author        = "D'Agostini, Giulio",
      title         = "{A multidimensional unfolding method based on Bayes'
                       Theorem}",
      institution   = "DESY",
      reportNumber  = "DESY-94-099",
      address       = "Hamburg",
      year          = "1994",
      url           = "https://cds.cern.ch/record/265717",
}
